% Use this file for citations not found in the ACL Anthology (contained in "anthology.bib").
@inproceedings{rastogi2020towards,
  title     = {Towards scalable multi-domain conversational agents: The schema-guided dialogue dataset},
  author    = {Rastogi, Abhinav and Zang, Xiaoxue and Sunkara, Srinivas and Gupta, Raghav and Khaitan, Pranav},
  booktitle = {Proceedings of the AAAI Conference on Artificial Intelligence},
  volume    = {34},
  number    = {05},
  pages     = {8689--8696},
  year      = {2020}
}

@inproceedings{lee2022sgd,
  title     = {SGD-X: A Benchmark for Robust Generalization in Schema-Guided Dialogue Systems},
  author    = {Lee, Harrison and Gupta, Raghav and Rastogi, Abhinav and Cao, Yuan and Zhang, Bin and Wu, Yonghui},
  booktitle = {Proceedings of the AAAI Conference on Artificial Intelligence},
  volume    = {36},
  number    = {10},
  pages     = {10938--10946},
  year      = {2022}
}

@inproceedings{ramadan2018large,
  title     = {Large-Scale Multi-Domain Belief Tracking with Knowledge Sharing},
  author    = {Ramadan, Osman and Budzianowski, Pawe{\l} and Gasic, Milica},
  booktitle = {Proceedings of the 56th Annual Meeting of the Association for Computational Linguistics},
  volume    = {2},
  pages     = {432--437},
  year      = {2018}
}

@misc{wu2016googles,
  title         = {Google's Neural Machine Translation System: Bridging the Gap between Human and Machine Translation},
  author        = {Yonghui Wu and Mike Schuster and Zhifeng Chen and Quoc V. Le and Mohammad Norouzi and Wolfgang Macherey and Maxim Krikun and Yuan Cao and Qin Gao and Klaus Macherey and Jeff Klingner and Apurva Shah and Melvin Johnson and Xiaobing Liu and ≈Åukasz Kaiser and Stephan Gouws and Yoshikiyo Kato and Taku Kudo and Hideto Kazawa and Keith Stevens and George Kurian and Nishant Patil and Wei Wang and Cliff Young and Jason Smith and Jason Riesa and Alex Rudnick and Oriol Vinyals and Greg Corrado and Macduff Hughes and Jeffrey Dean},
  year          = {2016},
  eprint        = {1609.08144},
  archiveprefix = {arXiv},
  primaryclass  = {cs.CL}
}

@inproceedings{Papineni02bleu:a,
  author    = {Kishore Papineni and Salim Roukos and Todd Ward and Wei-jing Zhu},
  title     = {BLEU: a Method for Automatic Evaluation of Machine Translation},
  booktitle = {},
  year      = {2002},
  pages     = {311--318}
}

@inproceedings{lin2004looking,
  title     = {Looking for a few good metrics: ROUGE and its evaluation},
  author    = {Lin, Chin-Yew and Och, FJ},
  booktitle = {Ntcir workshop},
  year      = {2004}
}

@article{mehri2019structured,
  title   = {Structured fusion networks for dialog},
  author  = {Mehri, Shikib and Srinivasan, Tejas and Eskenazi, Maxine},
  journal = {arXiv preprint arXiv:1907.10016},
  year    = {2019}
}

@article{HosseiniAsl2020ASL,
  title   = {A Simple Language Model for Task-Oriented Dialogue},
  author  = {Ehsan Hosseini-Asl and Bryan McCann and Chien-Sheng Wu and Semih Yavuz and Richard Socher},
  journal = {ArXiv},
  year    = {2020},
  volume  = {abs/2005.00796}
}
@article{Peng2021SoloistBT,
  title   = {Soloist: Building Task Bots at Scale with Transfer Learning and Machine Teaching},
  author  = {Baolin Peng and Chunyuan Li and Jinchao Li and Shahin Shayandeh and Lars Lid{\'e}n and Jianfeng Gao},
  journal = {Transactions of the Association for Computational Linguistics},
  year    = {2021},
  volume  = {9},
  pages   = {807-824}
}

@inproceedings{Yang2020UBARTF,
  title     = {UBAR: Towards Fully End-to-End Task-Oriented Dialog Systems with GPT-2},
  author    = {Yunyi Yang and Yunhao Li and Xiaojun Quan},
  booktitle = {AAAI Conference on Artificial Intelligence},
  year      = {2020}
}

@article{Lubis2020LAVALA,
  title   = {LAVA: Latent Action Spaces via Variational Auto-encoding for Dialogue Policy Optimization},
  author  = {Nurul Lubis and Christian Geishauser and Michael Heck and Hsien-Chin Lin and Marco Moresi and Carel van Niekerk and Milica Gavsi'c},
  journal = {ArXiv},
  year    = {2020},
  volume  = {abs/2011.09378}
}

@inproceedings{Feng2020ASA,
  title     = {A Sequence-to-Sequence Approach to Dialogue State Tracking},
  author    = {Yue Feng and Yang Wang and Hang Li},
  booktitle = {Annual Meeting of the Association for Computational Linguistics},
  year      = {2020}
}

@article{Lee2020SUMBTLaRLEN,
  title   = {SUMBT+LaRL: End-to-end Neural Task-oriented Dialog System with Reinforcement Learning},
  author  = {Hwaran Lee and Seokhwan Jo and Hyungjun Kim and Sangkeun Jung and Tae-Yoon Kim},
  journal = {ArXiv},
  year    = {2020},
  volume  = {abs/2009.10447}
}

@article{Jeon2021DORATP,
  title   = {DORA: Toward Policy Optimization for Task-oriented Dialogue System with Efficient Context},
  author  = {Hyunmin Jeon and Gary Geunbae Lee},
  journal = {Comput. Speech Lang.},
  year    = {2021},
  volume  = {72},
  pages   = {101310}
}

@inproceedings{Sun2022BORTBA,
  title     = {BORT: Back and Denoising Reconstruction for End-to-End Task-Oriented Dialog},
  author    = {Haipeng Sun and Junwei Bao and Youzheng Wu and Xiaodong He},
  booktitle = {NAACL-HLT},
  year      = {2022}
}
@article{Yang2022UBARv2TM,
  title   = {UBARv2: Towards Mitigating Exposure Bias in Task-Oriented Dialogs},
  author  = {Yunyi Yang and Hong Ding and Qing Liu and Xiaojun Quan},
  journal = {ArXiv},
  year    = {2022},
  volume  = {abs/2209.07239}
}

@article{Noroozi2020AFA,
  title   = {A Fast and Robust BERT-based Dialogue State Tracker for Schema Guided Dialogue Dataset},
  author  = {Vahid Noroozi and Yang Zhang and Evelina Bakhturina and Tomasz Kornuta},
  journal = {ArXiv},
  year    = {2020},
  volume  = {abs/2008.12335}
}

@article{Zhao2022DescriptionDrivenTD,
  title   = {Description-Driven Task-Oriented Dialog Modeling},
  author  = {Jeffrey Zhao and Raghav Gupta and Yuanbin Cao and Dian Yu and Mingqiu Wang and Harrison Lee and Abhinav Rastogi and Izhak Shafran and Yonghui Wu},
  journal = {ArXiv},
  year    = {2022},
  volume  = {abs/2201.08904}
}

@article{Devlin2019BERTPO,
  title   = {BERT: Pre-training of Deep Bidirectional Transformers for Language Understanding},
  author  = {Jacob Devlin and Ming-Wei Chang and Kenton Lee and Kristina Toutanova},
  journal = {ArXiv},
  year    = {2019},
  volume  = {abs/1810.04805}
}
@inproceedings{Radford2019LanguageMA,
  title  = {Language Models are Unsupervised Multitask Learners},
  author = {Alec Radford and Jeff Wu and Rewon Child and David Luan and Dario Amodei and Ilya Sutskever},
  year   = {2019}
}
@article{Raffel2019ExploringTL,
  title   = {Exploring the Limits of Transfer Learning with a Unified Text-to-Text Transformer},
  author  = {Colin Raffel and Noam M. Shazeer and Adam Roberts and Katherine Lee and Sharan Narang and Michael Matena and Yanqi Zhou and Wei Li and Peter J. Liu},
  journal = {ArXiv},
  year    = {2019},
  volume  = {abs/1910.10683}
}
@inproceedings{wang-etal-2016-inner,
  title     = {Inner Attention based Recurrent Neural Networks for Answer Selection},
  author    = {Wang, Bingning  and
               Liu, Kang  and
               Zhao, Jun},
  booktitle = {Proceedings of the 54th Annual Meeting of the Association for Computational Linguistics (Volume 1: Long Papers)},
  month     = aug,
  year      = {2016},
  address   = {Berlin, Germany},
  publisher = {Association for Computational Linguistics},
  url       = {https://aclanthology.org/P16-1122},
  doi       = {10.18653/v1/P16-1122},
  pages     = {1288--1297}
}
@article{su2021multi,
  title   = {Multi-task pre-training for plug-and-play task-oriented dialogue system},
  author  = {Su, Yixuan and Shu, Lei and Mansimov, Elman and Gupta, Arshit and Cai, Deng and Lai, Yi-An and Zhang, Yi},
  journal = {arXiv preprint arXiv:2109.14739},
  year    = {2021}
}
@inproceedings{Lee2021DialogueST,
  title     = {Dialogue State Tracking with a Language Model using Schema-Driven Prompting},
  author    = {Chia-Hsuan Lee and Hao Cheng and Mari Ostendorf},
  booktitle = {Conference on Empirical Methods in Natural Language Processing},
  year      = {2021}
}
@article{sun2022mars,
  title   = {Mars: Semantic-aware Contrastive Learning for End-to-End Task-Oriented Dialog},
  author  = {Sun, Haipeng and Bao, Junwei and Wu, Youzheng and He, Xiaodong},
  journal = {arXiv preprint arXiv:2210.08917},
  year    = {2022}
}
@inproceedings{Mehri2021SchemaGuidedPF,
  title     = {Schema-Guided Paradigm for Zero-Shot Dialog},
  author    = {Shikib Mehri and Maxine Esk{\'e}nazi},
  booktitle = {SIGDIAL Conferences},
  year      = {2021}
}
@article{Mosig2020STARAS,
  title   = {STAR: A Schema-Guided Dialog Dataset for Transfer Learning},
  author  = {Johannes E. M. Mosig and Shikib Mehri and Thomas Kober},
  journal = {ArXiv},
  year    = {2020},
  volume  = {abs/2010.11853}
}
@article{Feng2022DynamicSG,
  title   = {Dynamic Schema Graph Fusion Network for Multi-Domain Dialogue State Tracking},
  author  = {Yue Feng and Aldo Lipani and Fanghua Ye and Qiang Zhang and Emine Yilmaz},
  journal = {ArXiv},
  year    = {2022},
  volume  = {abs/2204.06677}
}

@inproceedings{Wang2022SlotDM,
  title     = {Slot Dependency Modeling for Zero-Shot Cross-Domain Dialogue State Tracking},
  author    = {Qingyue Wang and Yanan Cao and Piji Li and Yanhe Fu and Zheng Lin and Li Guo},
  booktitle = {International Conference on Computational Linguistics},
  year      = {2022}
}